<record><leader>00000cas a22000007a 4500</leader><controlfield tag="001">58845152</controlfield><controlfield tag="008">050408c20059999iaudr n       0   a0eng c</controlfield><controlfield tag="009">1242</controlfield><datafield ind1=" " ind2=" " tag="010"><subfield code="a">  2005214157</subfield></datafield><datafield ind1=" " ind2=" " tag="040"><subfield code="a">NIU</subfield><subfield code="b">eng</subfield><subfield code="c">NIU</subfield><subfield code="d">NSD</subfield><subfield code="d">CUS</subfield><subfield code="d">OCLCQ</subfield><subfield code="d">OCLCA</subfield><subfield code="d">OCLCF</subfield></datafield><datafield ind1=" " ind2=" " tag="012"><subfield code="m">y</subfield></datafield><datafield ind1="1" ind2=" " tag="022"><subfield code="a">1555-5771</subfield><subfield code="l">1555-5771</subfield><subfield code="y">8750-0868</subfield><subfield code="2">1</subfield></datafield><datafield ind1="1" ind2=" " tag="029"><subfield code="a">AU@</subfield><subfield code="b">000026912026</subfield></datafield><datafield ind1=" " ind2=" " tag="032"><subfield code="a">669020</subfield><subfield code="b">USPS</subfield></datafield><datafield ind1=" " ind2=" " tag="037"><subfield code="b">The Courier, P.O. Box 540, Waterloo, IA 50701</subfield></datafield><datafield ind1=" " ind2=" " tag="042"><subfield code="a">pcc</subfield><subfield code="a">nsdp</subfield></datafield><datafield ind1=" " ind2=" " tag="043"><subfield code="a">n-us-ia</subfield></datafield><datafield ind1="1" ind2="0" tag="050"><subfield code="a">ISSN RECORD</subfield></datafield><datafield ind1="1" ind2="4" tag="050"><subfield code="a">Newspaper</subfield></datafield><datafield ind1="0" ind2=" " tag="130"><subfield code="a">Courier (Waterloo, Iowa)</subfield></datafield><datafield ind1=" " ind2="0" tag="222"><subfield code="a">Courier</subfield><subfield code="b">(Waterloo, Iowa)</subfield></datafield><datafield ind1="0" ind2="4" tag="245"><subfield code="a">The courier.</subfield></datafield><datafield ind1="1" ind2=" " tag="246"><subfield code="i">Also known as:</subfield><subfield code="a">Waterloo-Cedar Falls courier</subfield></datafield><datafield ind1="1" ind2=" " tag="246"><subfield code="i">Also known as:</subfield><subfield code="a">Waterloo courier</subfield></datafield><datafield ind1=" " ind2=" " tag="260"><subfield code="a">Waterloo, Iowa :</subfield><subfield code="b">Courier,</subfield><subfield code="c">2005-</subfield></datafield><datafield ind1=" " ind2=" " tag="300"><subfield code="a">v :</subfield><subfield code="b">ill. ;</subfield><subfield code="c">58 cm.</subfield></datafield><datafield ind1=" " ind2=" " tag="310"><subfield code="a">Daily</subfield></datafield><datafield ind1="0" ind2=" " tag="362"><subfield code="a">Vol. 147, no. 93 (April 3, 2005)-</subfield></datafield><datafield ind1=" " ind2=" " tag="500"><subfield code="a">Also available on the World Wide Web.</subfield></datafield><datafield ind1=" " ind2="0" tag="651"><subfield code="a">Waterloo (Iowa)</subfield><subfield code="v">Newspapers.</subfield></datafield><datafield ind1=" " ind2="0" tag="651"><subfield code="a">Cedar Falls (Iowa)</subfield><subfield code="v">Newspapers.</subfield></datafield><datafield ind1=" " ind2="0" tag="651"><subfield code="a">Black Hawk County (Iowa)</subfield><subfield code="v">Newspapers.</subfield></datafield><datafield ind1=" " ind2="0" tag="651"><subfield code="a">Iowa</subfield><subfield code="v">Newspapers.</subfield></datafield><datafield ind1=" " ind2="7" tag="655"><subfield code="a">Newspapers.</subfield><subfield code="2">fast</subfield><subfield code="0">(OCoLC)fst01423814</subfield></datafield><datafield ind1=" " ind2="7" tag="651"><subfield code="a">Iowa.</subfield><subfield code="2">fast</subfield><subfield code="0">(OCoLC)fst01205835</subfield></datafield><datafield ind1=" " ind2="7" tag="651"><subfield code="a">Iowa</subfield><subfield code="z">Black Hawk County.</subfield><subfield code="2">fast</subfield><subfield code="0">(OCoLC)fst01205855</subfield></datafield><datafield ind1=" " ind2="7" tag="651"><subfield code="a">Iowa</subfield><subfield code="z">Cedar Falls.</subfield><subfield code="2">fast</subfield><subfield code="0">(OCoLC)fst01202896</subfield></datafield><datafield ind1=" " ind2="7" tag="651"><subfield code="a">Iowa</subfield><subfield code="z">Waterloo.</subfield><subfield code="2">fast</subfield><subfield code="0">(OCoLC)fst01217455</subfield></datafield><datafield ind1="0" ind2="8" tag="776"><subfield code="i">Online version:</subfield><subfield code="t">Courier (Waterloo, Iowa : Online)</subfield><subfield code="w">(OCoLC)144526673</subfield></datafield><datafield ind1="0" ind2="0" tag="780"><subfield code="t">Waterloo courier Cedar Falls</subfield><subfield code="x">8750-0868</subfield><subfield code="w">(DLC)sn 84007649</subfield><subfield code="w">(OCoLC)10961312</subfield></datafield><datafield ind1="4" ind2="1" tag="856"><subfield code="u">http://www.wcfcourier.com</subfield><subfield code="z">Connect to website</subfield></datafield></record>